=====
BOOKS
=====

------------
BY AUTHOR: B
------------

BRUCE 2017: UNDERSTANDING BIBLICAL CRITICISM

@book{bruce:2017,
    author = {F. F. Bruce},
    date = {2017},
    edition = {Logos edition},
    location = {Nashville, TN; Bath, England},
    publisher = {Kingsley Books},
    title = {Understanding Biblical Criticism},
}

@suppbook{bruce:2017:publishers-introduction,
    bookauthor = {F. F. Bruce},
    booktitle = {Understanding Biblical Criticism},
    date = {2017},
    edition = {Logos edition},
    location = {Nashville, TN; Bath, England},
    publisher = {Kingsley Books},
    type = {Publisher's introduction},
}

@book{burridge:2005,
    author = {Richard A. Burridge},
    title = {Four Gospels, One Jesus?: A Symbolic Reading},
    date = {2005},
    location = {London},
    publisher = {SPCK},
}

@suppbook{capes:2017,
    author = {David B. Capes},
    bookauthor = {F. F. Bruce},
    booktitle = {Understanding Biblical Criticism},
    date = {2017},
    edition = {Logos edition},
    location = {Nashville, TN; Bath, England},
    publisher = {Kingsley Books},
    type = {Introduction},
}

------------
BY AUTHOR: R
------------

RUSTEN 2005: COMPLETE BOOK OF WHEN & WHERE IN THE BIBLE AND THROUGHOUT HISTORY

@book{rusten:2005,
    author = {E. Michael Rusten and Sharon O. Rusten},
    date = {2005},
    location = {Wheaton, IL},
    publisher = {Tyndale House Publishers, Inc.},
    title = {The Complete Book of When \& Where in the Bible and Throughout History}
}

------------
BY AUTHOR: W
------------

@book{wenham+walton:2011,
    author = {David Wenham and Steve Walton},
    date = {2011},
    edition = {Second edition},
    location = {London},
    publisher = {SPCK},
    title = {Exploring the New Testament: The Gospels and Acts},
    volume = 1,
}
