=================
COMMENTARY SERIES
=================

============
By Series: B
============

-----------------------
BIBLE SPEAKS TODAY, THE
-----------------------

THE MESSAGE OF AMOS (MOTYER 1974)

@commentary{motyer:1974,
    author = {Alec Motyer},
    date = {1974},
    location = {Nottingham, England},
    publisher = {InterVarsity Press},
    title = {The Day of the Lion},
}

@commentary{motyer:2011,
    author = {Alec Motyer},
    date = {2011},
    location = {Nottingham, England},
    origdate = {1984},
    publisher = {InterVarsity Press},
    related = {motyer:1974},
    relatedtype = {reprintof},
    series = {The Bible Speaks Today},
    title = {The Message of Amos},
}

============
By Series: I
============

----------------------------------------
IVP NEW TESTAMENT COMMENTARY SERIES, THE
----------------------------------------

1 PETER (MARSHALL 1991)

@commentary{marshall:1991,
    author = {I. Howard Marshall},
    date = {1991},
    edition = {Logos edition},
    location = {Downers Grove, IL, USA},
    publisher = {InterVarsity Press},
    series = {The IVP New Testament Commentary Series},
    title = {1 Peter},
}

============
By Series: M
============

------
MENTOR
------

AMOS (SMITH 1989)

@commentary{smith:1989,
    author = {Gary V. Smith},
    date = {1989},
    location = {Grand Rapids, MI, USA},
    publisher = {Zondervan Publishing House},
    title = {Amos},
}

@commentary{smith:2017,
    author = {Gary V. Smith},
    date = {2017},
    edition = {rev. and exp. ed.},
    origdate = {1998},
    origlocation = {Ross-shire, Scotland, UK},
    origpublisher = {Christian Focus Publications},
    related = {smith:1989},
    relatedtype = {reprintof},
    title = {Amos},
}

============
By Series: N
============

----------------------------
NEW AMERICAN COMMENTARY, THE
----------------------------

1, 2 PETER, JUDE (SCHREINER 2003)

@commentary{schreiner:2003,
    author = {Thomas R. Schreiner},
    date = {2003},
    location = {Nashville, TN, USA},
    publisher = {Broadman \& Holman Publishers},
    series = {The New American Commentary},
    shortseries = {NAC},
    title = {1, 2 Peter, Jude},
}

============
By Series: T
============

-----------------------------------------
TYNDALE NEW TESTAMENT COMMENTARIES (TNTC)
-----------------------------------------

1 PETER: AN INTRODUCTION AND COMMENTARY (GRUDEM 1988)

@commentary{grudem:2009,
    author = {Wayne A. Grudem},
    date = {2009},
    location = {Downers Grove, IL, USA},
    number = {17},
    origdate = {1988},
    publisher = {InterVarsity Press},
    series = {Tyndale New Testament Commentaries},
    shortseries = {TNTC},
    title = {1 Peter: An Introduction and Commentary},
}

============
By Series: W
============

------------------------------
WORD BIBLICAL COMMENTARY - WBC
------------------------------

HOSEA--JONAH (STUART 1998)

@commentary{stuart:1988,
    author = {Douglas Stuart},
    date = {1988},
    location = {Grand Rapids, MI, USA},
    number = {31},
    origpublisher = {Thomas Nelson},
    publisher = {Zondervan},
    series = {Word Biblical Commentary},
    shortseries = {WBC},
    title = {Hosea--Jonah},
}
