============================
DICTIONARIES & ENCYCLOPEDIAS
============================

===========
By Title: A
===========

---------------------------------------------
ANCHOR BIBLE DICTIONARY - ABD (FREEDMAN 1992)
---------------------------------------------

@mvreference{ABD,
    date = {1992},
    editor = {David Noel Freedman},
    location = {New York},
    publisher = {Doubleday},
    shorthand = {ABD},
    shorttitle = {ABD},
    title  = {Anchor Bible Dictionary},
    volumes = {6},
}

BY ENTRY: B

Biblical Criticism (Uncredited Introduction)

@inreference{freedman:1992:biblical-criticism,
    crossref = {ABD},
    pages = {725-726},
    title = {Biblical Criticism},
    volume = {1},
    xref = {ABD},
}

Biblical Criticism: History of Biblical Criticism (O'Neill)

@inreference{oneill:1992,
    author = {J. C. O'Neill},
    crossref = {ABD},
    pages = {726},
    title = {Biblical Criticism: History of Biblical Criticism},
    volume = {1},
    xref = {ABD},
}

BY ENTRY: S

Source Criticism (Uncredited Introduction)

@inreference{freedman:1992:source-criticism,
    crossref = {ABD},
    pages = {162},
    title = {Source Criticism},
    volume = {6},
    xref = {ABD},
}

Source Criticism (Barton)

@inreference{barton:1992,
    author = {John Barton},
    crossref = {ABD},
    pages = {162},
    title = {Source Criticism: Old Testament},
    volume = {6},
    xref = {ABD},
}

===========
By Title: C
===========

----------------------------------------------------------------------------
COMMENTARY ON THE NEW TESTAMENT USE OF THE OLD TESTAMENT (BEALE/CARSON 2007)
----------------------------------------------------------------------------

@incollection{carson:2007,
    author = {D. A. Carson},
    booktitle = {Commentary on the New Testament Use of the Old Testament},
    date = {2007},
    editor = {G. K. Beale and D. A. Carson},
    location = {Grand Rapids},
    pages = {1015--1046},
    publisher = {Baker Academic},
    shorttitle = {},
    title = {1 Peter},
}

===========
By Title: D
===========

-------------------------------------------------------------
DICTIONARY OF JESUS AND THE GOSPELS (GREEN/BROWN/PERRIN 2013)
-------------------------------------------------------------

@reference{green+brown+perrin:2013,
    date = {2013},
    edition = {Second edition},
    editor = {Joel B. Green and Jeannine K. Brown and Nicholas Perrin},
    location = {Downers Grove, IL; Nottingham},
    publisher = {InterVarsity Press},
    shorthand = {DJG},
    shorttitle = {DJG},
    title = {Dictionary of Jesus and the Gospels},
}

CREDITED ARTICLES BY TITLE: J

John, Gospel of

@inreference{keener:2013,
    author = {C. S. Keener},
    crossref = {green+brown+perrin:2013},
    pages = {419-436},
    title = {John, Gospel of},
    xref = {green+brown+perrin:2013},
}

----------------------------------------------------------------------------
DICTIONARY OF NEW TESTAMENT BACKGROUND: A COMPENDIUM OF BIBLICAL SCHOLARSHIP
----------------------------------------------------------------------------

@reference{porter+evans:2000,
    date = {2000},
    editor = {Stanley E. Porter and Craig A. Evans},
    location = {Downers Grove, IL},
    publisher = {InterVarsity Press},
    shorthand = {DNTB},
    shorttitle = {DNTB},
    title = {Dictionary of New Testament Background},
}

CREDITED ARTICLES BY TITLE: S

Septuagint/Greek Old Testament

@inreference{porter:2000,
    author = {S. E. Porter},
    title = {Septuagint/Greek Old Testament},
    pages = {1099--1106},
    crossref = {porter+evans:2000},
    xref = {porter+evans:2000},
}

---------------------------------------------------------------
DICTIONARY OF THE OLD TESTAMENT PROPHETS (BODA/MCCONVILLE 2012)
---------------------------------------------------------------

@reference{boda+mcconville:2012,
    date = {2012},
    editor = {Mark J. Boda and J. Gordon McConville},
    location = {Downers Grove, IL},
    publisher = {InterVarsity Press},
    title = {Dictionary of the Old Testament Prophets},
}

CREDITED ARTICLES BY TITLE: J

Justice, Righteousness (Hayes)

@inreference{hayes:2012,
    author = {E. R. Hayes},
    title = {Justice, Righteousness},
    pages = {466-472},
    crossref = {boda+mcconville:2012},
    xref = {boda+mcconville:2012},
}

===========
By Title: E
===========

---------------------------------------------------------
EVANGELICAL DICTIONARY OF BIBLICAL THEOLOGY (ELWELL 1996)
---------------------------------------------------------

@reference{elwell:1996,
    date = {1996},
    editor = {Walter A. Elwell},
    location = {Grand Rapids},
    publisher = {Baker Book House},
    series = {Baker Reference Library},
    title = {Evangelical Dictionary of Biblical Theology},
}

CREDITED ARTICLES BY TITLE: R

Repentance (Boda)

@inreference{boda:1996,
    author = {M. J. Boda},
    title = {Repentance},
    pages = {664--671},
    crossref = {elwell:1996},
    xref = {elwell:1996},
}

Responsibility (Schaefer)

@inreference{schaefer:1996,
    author = {Glenn E. Schaefer},
    title = {Responsibility},
    pages = {673-674},
    crossref = {elwell:1996},
    xref = {elwell:1996},
}

===========
By Title: Z
===========

----------------------------------------------------------------
ZONDERVAN ILLUSTRATED BIBLE BACKGROUNDS COMMENTARY (ARNOLD 2002)
----------------------------------------------------------------

@reference{arnold:2002,
    date = {2002},
    editor = {Clinton E. Arnold},
    location = {Grand Rapids},
    publisher = {Zondervan},
    series = {Zondervan Illustrated Bible Backgrounds Commentary},
    title = {Hebrews to Revelation},
    volume = {4},
}

CREDITED ARTICLES BY CANONICAL ORDER

1 Peter (Peter Davids)

@inreference{davids:2002,
    author = {Peter Davids},
    title = {1 Peter},
    pages = {120--151},
    crossref = {arnold:2002},
    xref = {arnold:2002},
}
