==============
GENERAL SERIES
==============

============
By Series: C
============

-----------------------------------------
CHRISTIAN ORIGINS AND THE QUESTION OF GOD
-----------------------------------------

WRIGHT 1992: THE NEW TESTAMENT AND THE PEOPLE OF GOD

@book{wright:1992,
    author = {N. T. Wright},
    date = {1992},
    location = {London},
    maintitle = {Christian Origins and the Question of God},
    publisher = {Society for Promoting Christian Knowledge},
    title = {The New Testament and the People of God},
    volume = {1}
}

WRIGHT 2013: PAUL AND THE FAITHFULNESS OF GOD

@book{wright:2013,
    author = {N. T. Wright},
    date = {2013},
    location = {Minneapolis, MN, USA},
    maintitle = {Christian Origins and the Question of God},
    publisher = {Fortress Press},
    title = {Paul and the Faithfulness of God},
    volume = {4},
}

============
By Series: E
============

---------------------------------------------
EXPLORING THE OLD TESTAMENT (MCCONVILLE 2002)
---------------------------------------------

@collection{mcconville:2002,
    author = {Gordon McConville},
    date = {2002},
    location = {London},
    maintitle = {Exploring the Old Testament},
    publisher = {Society for Promoting Christian Knowledge},
    title = {The Prophets},
    volume = {4},
}

============
By Series: L
============

------------------
LEXHAM BIBLE GUIDE
------------------

@book{himes:2017,
    author = {Paul A. Himes},
    date = {2017},
    edition = {Logos edition},
    editor = {Douglas Mangum},
    location = {Bellingham, WA, USA},
    publisher = {Lexham Press},
    series = {Lexham Bible Guide},
    title = {1 Peter},
}

----------------------------------------------
LEXHAM METHODS SERIES (MAGNUM AND BALOGH 2016)
----------------------------------------------

@incollection{balogh+cole+widder:2016,
    author = {Amy Balogh and Dan Cole and Wendy Widder},
    title = {Source Criticism},
    volume = {3},
    bookeditor = {Douglas Magnum and Amy Balogh},
    booktitle = {Social \& Historical Approaches to the Bible},
    date = {2016},
    location = {Bellingham, WA},
    maintitle = {Lexham Methods},
    pages = {55-98},
    publisher = {Lexham Press},
}

@incollection{ellis:2016,
    author = {Gretchen Ellis},
    pages = {99-136},
    title = {Redaction Criticism},
    volume = {3},
    bookeditor = {Douglas Magnum and Amy Balogh},
    booktitle = {Social \& Historical Approaches to the Bible},
    date = {2016},
    location = {Bellingham, WA},
    maintitle = {Lexham Methods},
    publisher = {Lexham Press},
}

@incollection{leonard:2016,
    author = {Jeffrey Leonard},
    pages = {163-194},
    title = {Redaction Criticism},
    volume = {3},
    bookeditor = {Douglas Magnum and Amy Balogh},
    booktitle = {Social \& Historical Approaches to the Bible},
    date = {2016},
    location = {Bellingham, WA},
    maintitle = {Lexham Methods},
    publisher = {Lexham Press},
}
