================
JOURNAL ARTICLES
================

=============
By Journal: A
=============

---------------------------
Ashland Theological Journal
---------------------------

VOLUME 21 (1989)

Reaching One's Potential in Christ (Flora 1989)

@article{flora:1989,
    author = {Jerry R. Flora},
    journaltitle = {Ashland Theological Journal},
    month = {},
    number = {},
    pages = {23-29},
    title = {Reaching One's Potential in Christ},
    volume = {21},
    year = {1989},
}

=============
By Journal: B
=============

-----------------
Bibliotheca Sacra
-----------------

VOLUME 168, ISSUE 669 (2011)

Introduction to a Hermeneutics of Identity (Snodgrass 2011)

@article{snodgrass:2011,
    author = {Klyne R. Snodgrass},
    journaltitle = {Bibliotheca Sacra},
    month = {Jan},
    number = {669},
    pages = {3-19},
    title = {Introduction to a Hermeneutics of Identity},
    volume = {168},
    year = {2011},
}

---
BBR
---

VOLUME 19, NUMBER 4 (2009)

Torrey: Resident Aliens in Mission

@article{torrey:2009,
    author = {Seland Torrey},
    journaltitle = {Bulletin of Biblical Research},
    month = {},
    number = {4},
    pages = {565-589},
    shortjournal = {BBR},
    title = {Resident Aliens in Mission: Missional Practices in the Emerging Church of 1 Peter},
    volume = {19},
    year = {2009},
}

=============
By Journal: I
=============

---
Int
---

VOLUME 43, NUMBER 2 (1989)

Pinnock: Climbing Out of a Swarm

@article{pinnock:1989,
    author = {Clark H. Pinnock},
    journaltitle = {Interpretation},
    month = {},
    number = {2},
    pages = {143--155},
    shortjournal = {Int},
    title = {Climbing Out of a Swarm: The Evangelical Struggle to Understand the Creation Texts},
    volume = {43},
    year = {1989},
}

=============
By Journal: T
=============

---------
Themelios
---------

VOLUME 7, NUMBER 2 (1982)

@article{themelios:january-1982,
    author = {{The Gospel Coalition}},
    journaltitle = {Themelios},
    month = {Jan},
    number = {2},
    pages = {},
    title = {},
    volume = {7},
    year = {1982},
}

----------------
Tyndale Bulletin
----------------

VOLUME 60, NUMBER 1 (2009)

Stenschke: Reading First Peter in the Context of Early Christian Mission

@article{stenschke:2009,
    author = {Christoph Stenschke},
    journaltitle = {Tyndale Bulletin},
    month = {},
    number = {1},
    pages = {107--126},
    shortjournal = {TynBul},
    title = {Reading First Peter in the Context of Early Christian Mission},
    volume = {60},
    year = {2008},
}
