========
WEBSITES
========

===========
By Title: L
===========

----------
LOGOS TALK
----------

HEISER: FEBRUARY 2019

@online{heiser:2019,
    author = {Michael S. Heiser},
    date = {2019},
    title = {Does God Always Give Second Chances? John Says \enquote{No.}},
    eprint = {https://blog.logos.com/2019/02/does-god-always-give-second-chances-john-says-no/},
    eprinttype = {Logos Talk}
}
